<record><leader>00000cas a22000007a 4500</leader><controlfield tag="001">1605036</controlfield><controlfield tag="008">750907d19121938mnuwr ne      0    0eng d</controlfield><datafield ind1=" " ind2=" " tag="010"><subfield code="a">sn 90060222 </subfield></datafield><datafield ind1=" " ind2=" " tag="040"><subfield code="a">MUL</subfield><subfield code="b">eng</subfield><subfield code="c">MUL</subfield><subfield code="d">MN#</subfield><subfield code="d">OCLCQ</subfield></datafield><datafield ind1=" " ind2=" " tag="042"><subfield code="a">msc</subfield></datafield><datafield ind1=" " ind2=" " tag="043"><subfield code="a">n-us-mn</subfield></datafield><datafield ind1=" " ind2=" " tag="052"><subfield code="a">4144</subfield><subfield code="b">H8</subfield><subfield code="b">R6</subfield></datafield><datafield ind1=" " ind2=" " tag="052"><subfield code="a">4143</subfield><subfield code="b">H4</subfield></datafield><datafield ind1="0" ind2="0" tag="245"><subfield code="a">Hennepin County enterprise.</subfield></datafield><datafield ind1=" " ind2=" " tag="260"><subfield code="a">Hopkins, Minn. :</subfield><subfield code="b">J.J. Shattuck,</subfield><subfield code="c">-1938.</subfield></datafield><datafield ind1=" " ind2=" " tag="300"><subfield code="a">v.</subfield></datafield><datafield ind1=" " ind2=" " tag="310"><subfield code="a">Weekly</subfield></datafield><datafield ind1="1" ind2=" " tag="362"><subfield code="a">Began in Mar. 1912.</subfield></datafield><datafield ind1="0" ind2=" " tag="362"><subfield code="a">-v. 26, no. 5 (May 26, 1938).</subfield></datafield><datafield ind1=" " ind2=" " tag="500"><subfield code="a">Published at Robbinsdale, Minn., Dec. 13, 1928-May 26, 1938.</subfield></datafield><datafield ind1=" " ind2=" " tag="530"><subfield code="a">Available on microfilm from the Minnesota Historical Society.</subfield></datafield><datafield ind1=" " ind2=" " tag="588"><subfield code="a">Description based on: Vol. 15, no. 4 (May 26, 1927).</subfield></datafield><datafield ind1=" " ind2=" " tag="752"><subfield code="a">United States</subfield><subfield code="b">Minnesota</subfield><subfield code="c">Hennepin</subfield><subfield code="d">Hopkins.</subfield></datafield><datafield ind1=" " ind2=" " tag="752"><subfield code="a">United States</subfield><subfield code="b">Minnesota</subfield><subfield code="c">Hennepin</subfield><subfield code="d">Robbinsdale.</subfield></datafield><datafield ind1="0" ind2="6" tag="780"><subfield code="t">Northern headlight (Robbinsdale, Minn.)</subfield><subfield code="w">(DLC)sn 90060224</subfield></datafield><datafield ind1="0" ind2="0" tag="785"><subfield code="t">Robbinsdale post</subfield><subfield code="w">(DLC)sn 90060221</subfield></datafield></record>